@misc{nielsenneural,
  added-at = {2018-02-02T15:47:03.000+0100},
  author = {Nielsen, Michael A.},
  keywords = {Neural and book deep learning networks},
  publisher = {Determination Press},
  title = {Neural Networks and Deep Learning},
  type = {misc},
  url = {http://neuralnetworksanddeeplearning.com/},
  year = 2018
}

@misc{MNIST,
  keywords = {Neural and book deep learning networks},
  publisher = {TensorFlow.org},
  title = {MNIST for ML Beginners},
  type = {misc},
  url = {https://www.tensorflow.org/versions/r1.1/get_started/mnist/beginners},
  year = 2017,
  month = 6
}

@manual{flash,
    organization  = "Silicon Storage Technology, Inc.",
    title         = "2 Mbit/4 Mbit/8 Mbit (x16) Multi-Purpose Flash",
    number        = "SST39LF200A",
    year          =  2011,
    month         =  4,
}
